% This file was created with Citavi 4.5.0.11

@book{Knuth.1986,
 author = {Knuth, Donald Ervin},
 year = {1986},
 title = {The \TeX book},
 edition = {Millennium ed.},
 volume = {A},
 publisher = {Addison-Wesley},
 isbn = {0201134489},
 location = {Upper Saddle River, NJ},
 series = {Computers{\&}Typesetting},
 file = {http://www.worldcat.org/oclc/229955108}
}


@book{Kohm.2014,
 author = {Kohm, Markus},
 year = {2014},
 title = {KOMA-Script},
 edition = {5},
 publisher = {Lehmanns},
 isbn = {9783865416131},
 subtitle = {Eine Sammlung von Klassen und Paketen für \LaTeX 2e},
 location = {Berlin},
 series = {DANTE-Edition},
 pagetotal = {678~S.},
 file = {http://www.worldcat.org/oclc/881288649}
}


@book{Mittelbach.2004,
 author = {Mittelbach, Frank and Goossens, Michel},
 year = {2004},
 title = {The \LaTeX\ companion},
 edition = {2},
 publisher = {Addison-Wesley},
 isbn = {0201362996},
 subtitle = {Second Edition},
 location = {Boston, Mass. [u.a.]},
 series = {Tools and Techniques for Computer Typesetting},
 pagetotal = {554~S.},
 file = {http://www.worldcat.org/oclc/254260430},
 editorc = {Braams, Johannes and Carlisle, David and Rowley, Chris},
 editorctype = {collaborator}
}


@misc{Mosgen.1998,
 author = {Mösgen, Peter},
 year = {1998},
 title = {Makeindex},
 url = {http://www1.ku-eichstaett.de/urz/schriften/makeidx.pdf},
 number = {14},
 series = {Schriftenreihe des Universitätsrechenzentrums},
 editor = {{Katholische Universität Eichstätt}},
 date = {1998},
 location = {Eichstätt},
 subtitle = {Sachregister erstellen mit \LaTeX}
}


@misc{Pakin.2009,
 author = {Pakin, Scott},
 year = {2009-11-09},
 title = {The Comprehensive \LaTeX\ Symbol List},
 url = {http://mirrors.ctan.org/info/symbols/comprehensive/symbols-a4.pdf},
 abstract = {This document lists 5913 symbols and the corresponding LATEX commands that produce them. Some of these symbols are guaranteed to be available in every LATEX2" system; others require fonts and packages that may not accompany a given distribution and that therefore need to be installed. All of the fonts and packages used to prepare this document|as well as this document itself|are freely available from the Comprehensive TEX Archive Network (http://www:ctan:org/).},
 date = {2009-11-09}
}


@online{PalleJorgensen.2015,
 author = {{Palle Jørgensen}},
 year = {2015-02-08},
 title = {The \LaTeX\ Font Catalogue},
 url = {http://www.tug.dk/FontCatalogue/}
}


@misc{Sturm.2011,
 author = {Sturm, Thomas F.},
 year = {2011},
 title = {\LaTeX},
 series = {RRZN Handbuch},
 editor = {{Regionales Rechenzentrum für Niedersachsen}},
 version = {8},
 date = {2011},
 location = {Hannover},
 subtitle = {Einführung in das Textsatzsystem}
}


@book{Voss.2007,
 author = {Voß, Herbert},
 year = {2007},
 title = {\LaTeX-Referenz},
 edition = {1},
 publisher = {Lehmanns},
 isbn = {9783865412126},
 location = {Berlin},
 series = {DANTE-Edition},
 pagetotal = {154~S.},
 file = {http://www.worldcat.org/oclc/226295044}
}


@book{Voss.2012,
 author = {Voß, Herbert},
 year = {2012},
 title = {Einführungen in \LaTeX},
 edition = {1},
 publisher = {Lehmanns},
 isbn = {9783865414625},
 subtitle = {unter Berücksichtigung von pdf\LaTeX, XeLaTeX und Lua\LaTeX},
 location = {Berlin},
 series = {DANTE-Edition},
 pagetotal = {932~S.},
 file = {http://www.worldcat.org/oclc/780315442}
}


